%% This BibTeX bibliography file was created using BibDesk.
%% https://bibdesk.sourceforge.io/

%% Created for Mark Peever at 2025-07-02 18:47:46 -0700 


%% Saved with string encoding Unicode (UTF-8) 



@book{wile-chem-2,
	author = {Dr. Jay L. Wile},
	date-added = {2025-07-02 18:47:02 -0700},
	date-modified = {2025-07-02 18:47:02 -0700},
	edition = {2},
	keywords = {chemistry},
	publisher = {Apologia Educational Ministries, Inc.},
	title = {Exploring Creation with Chemistry},
	year = {2003}}
